<record><leader>00000cas a22000007a 4500</leader><controlfield tag="001">44189367</controlfield><controlfield tag="008">000606d1936193unyubr ne      0    0eng d</controlfield><datafield ind1=" " ind2=" " tag="010"><subfield code="a">sn 00064611 </subfield></datafield><datafield ind1=" " ind2=" " tag="040"><subfield code="a">NVK</subfield><subfield code="b">eng</subfield><subfield code="c">NVK</subfield><subfield code="d">OCLCQ</subfield><subfield code="d">OCLCO</subfield></datafield><datafield ind1="1" ind2=" " tag="029"><subfield code="a">AU@</subfield><subfield code="b">000021635125</subfield></datafield><datafield ind1=" " ind2=" " tag="042"><subfield code="a">msc</subfield></datafield><datafield ind1=" " ind2=" " tag="043"><subfield code="a">n-us-ny</subfield></datafield><datafield ind1="0" ind2=" " tag="130"><subfield code="a">Monarch (Wawayanda, N.Y.)</subfield></datafield><datafield ind1="1" ind2="4" tag="245"><subfield code="a">The Monarch.</subfield></datafield><datafield ind1=" " ind2=" " tag="260"><subfield code="a">Wawayanda, N.Y. :</subfield><subfield code="b">C.C.C. Co. 1287</subfield></datafield><datafield ind1=" " ind2=" " tag="300"><subfield code="a">v.</subfield></datafield><datafield ind1=" " ind2=" " tag="310"><subfield code="a">Bimonthly</subfield></datafield><datafield ind1="1" ind2=" " tag="362"><subfield code="a">Began in 1936; ceased by 1938.</subfield></datafield><datafield ind1=" " ind2=" " tag="500"><subfield code="a">"We show the way."</subfield></datafield><datafield ind1=" " ind2=" " tag="500"><subfield code="a">Camp moved from Fort Story, Va. to Wawayanda, N.Y. between May 1935 and May 1936.</subfield></datafield><datafield ind1=" " ind2=" " tag="500"><subfield code="a">Camp CK-7 (NY).</subfield></datafield><datafield ind1=" " ind2=" " tag="530"><subfield code="a">Available on microfiche from the Center for Research Libraries.</subfield></datafield><datafield ind1=" " ind2=" " tag="580"><subfield code="a">C.C.C. Company 1287 previously published: Oasis (Fort Story, Va.).</subfield></datafield><datafield ind1=" " ind2=" " tag="580"><subfield code="a">C.C.C. Company 1287 later published: Commentator (Corning, N.Y.).</subfield></datafield><datafield ind1=" " ind2=" " tag="588"><subfield code="a">Description based on: Vol. 1, no. 3 (May 30, 1936).</subfield></datafield><datafield ind1=" " ind2=" " tag="588"><subfield code="a">Latest issue consulted: Vol. 1, no. 3 (May 30, 1936).</subfield></datafield><datafield ind1="2" ind2="0" tag="610"><subfield code="a">Civilian Conservation Corps (U.S.)</subfield><subfield code="v">Newspapers.</subfield></datafield><datafield ind1=" " ind2="0" tag="651"><subfield code="a">Wawayanda (N.Y.)</subfield><subfield code="v">Newspapers.</subfield></datafield><datafield ind1="2" ind2=" " tag="710"><subfield code="a">Civilian Conservation Corps (U.S.).</subfield><subfield code="b">Company 1287 (Wawayanda, N.Y.)</subfield></datafield><datafield ind1=" " ind2=" " tag="752"><subfield code="a">United States</subfield><subfield code="b">New York</subfield><subfield code="c">Orange</subfield><subfield code="d">Wawayanda.</subfield></datafield><datafield ind1="1" ind2=" " tag="787"><subfield code="t">Oasis (Fort Story, Va.)</subfield><subfield code="w">(DLC)sn 00064468</subfield></datafield><datafield ind1="1" ind2=" " tag="787"><subfield code="t">Commentator (Corning, N.Y.)</subfield><subfield code="w">(DLC)sn 00064562</subfield></datafield></record>